% Encoding: UTF-8

@Article{Agrawal2014,
  author  = {Agrawal, S.},
  title   = {Virtual desktop in higher education institution: Energy efficiency of green computing},
  journal = {4th International Conference on Communication Systems and Network Technologies},
  year    = {2014},
}

@Article{Chroback2014,
  author  = {Chroback, P.},
  title   = {Implementation of Virtual Desktop Infrastructure in academic laboratories},
  journal = {Computer Science and Information Systems},
  year    = {2014},
}

@Article{Enrique2016,
  author  = {Enrique, C. \& Marín, M.},
  title   = {Hacia la virtualización de escritorios para la entrega de ambientes académicos basados en DaaS.},
  journal = {Computer Science and Informations Systems},
  year    = {2016},
}

@Comment{jabref-meta: databaseType:bibtex;}
